<record><leader>00000cas a22000007a 4500</leader><controlfield tag="001">14516250</controlfield><controlfield tag="008">861024d18641865wiuwr ne      0    0eng  </controlfield><controlfield tag="009">466</controlfield><datafield ind1=" " ind2=" " tag="010"><subfield code="a">sn 86072063 </subfield></datafield><datafield ind1=" " ind2=" " tag="040"><subfield code="a">DLC</subfield><subfield code="b">eng</subfield><subfield code="c">DLC</subfield><subfield code="d">NPV</subfield><subfield code="d">DLC</subfield></datafield><datafield ind1="1" ind2=" " tag="029"><subfield code="a">AU@</subfield><subfield code="b">000025797622</subfield></datafield><datafield ind1=" " ind2=" " tag="042"><subfield code="a">msc</subfield></datafield><datafield ind1="0" ind2="0" tag="050"><subfield code="a">Newspaper 10216-X</subfield></datafield><datafield ind1="0" ind2="0" tag="245"><subfield code="a">Janesville weekly gazette.</subfield></datafield><datafield ind1=" " ind2=" " tag="260"><subfield code="a">Janesville, Wis. :</subfield><subfield code="b">Thomson &amp; Roberts,</subfield><subfield code="c">1864-1865.</subfield></datafield><datafield ind1=" " ind2=" " tag="300"><subfield code="a">v.</subfield></datafield><datafield ind1=" " ind2=" " tag="310"><subfield code="a">Weekly</subfield></datafield><datafield ind1="0" ind2=" " tag="362"><subfield code="a">Vol. 19, no. 22 (Jan. 22, 1864)-v. 20, no. 39 (May 18, 1865).</subfield></datafield><datafield ind1=" " ind2=" " tag="580"><subfield code="a">Also published in a daily ed. called: Janesville daily gazette, 1860-1865; Janesville gazette, 1865-1880.</subfield></datafield><datafield ind1=" " ind2=" " tag="752"><subfield code="a">United States</subfield><subfield code="b">Wisconsin</subfield><subfield code="c">Rock</subfield><subfield code="d">Janesville.</subfield></datafield><datafield ind1="1" ind2=" " tag="775"><subfield code="t">Janesville daily gazette (Janesville, Wis. : 1860)</subfield><subfield code="w">(DLC)sn 87082075</subfield></datafield><datafield ind1="1" ind2=" " tag="775"><subfield code="t">Janesville gazette (Janesville, Wis. : 1865 : Daily) (DLC)sn 85033118</subfield></datafield><datafield ind1="0" ind2="0" tag="780"><subfield code="t">Weekly gazette and free press</subfield><subfield code="w">(DLC)sn 84024407</subfield></datafield><datafield ind1="0" ind2="0" tag="785"><subfield code="t">Janesville  gazette (Janesville, Wis. : 1865 : Weekly)</subfield><subfield code="w">(DLC)sn 85033122</subfield></datafield></record>